<?xml version="1.0" encoding="UTF-8"?><record xmlns="http://www.loc.gov/MARC21/slim" xmlns:cinclude="http://apache.org/cocoon/include/1.0" xmlns:zs="http://www.loc.gov/zing/srw/">
  <leader>00333nz  a2200133n  4500</leader>
  <controlfield tag="001">n  94097816 </controlfield>
  <controlfield tag="003">DLC</controlfield>
  <controlfield tag="005">19941012121014.5</controlfield>
  <controlfield tag="008">941012n| acannaab|          |a aaa |||  </controlfield>
  <datafield tag="010" ind1=" " ind2=" ">
    <subfield code="a">n  94097816 </subfield>
  </datafield>
  <datafield tag="040" ind1=" " ind2=" ">
    <subfield code="a">DLC</subfield>
    <subfield code="c">DLC</subfield>
  </datafield>
  <datafield tag="100" ind1="1" ind2="0">
    <subfield code="a">Bailey, Lee.</subfield>
    <subfield code="t">Onions</subfield>
  </datafield>
  <datafield tag="400" ind1="1" ind2="0">
    <subfield code="a">Bailey, Lee.</subfield>
    <subfield code="t">Lee Bailey's onions</subfield>
  </datafield>
  <datafield tag="670" ind1=" " ind2=" ">
    <subfield code="a">Lee Bailey's onions, 1995.</subfield>
  </datafield>
</record>